[gd_scene load_steps=27 format=2]

[ext_resource path="res://Object/Entity/Object.tscn" type="PackedScene" id=1]
[ext_resource path="res://assets/enbat.png" type="Texture" id=2]
[ext_resource path="res://Object/Helpers/Hitbox.tscn" type="PackedScene" id=3]
[ext_resource path="res://Object/Helpers/Hurtbox.tscn" type="PackedScene" id=4]
[ext_resource path="res://sfx/Bat/Bat1.ogg" type="AudioStream" id=5]
[ext_resource path="res://sfx/Bat/Bat2.ogg" type="AudioStream" id=6]
[ext_resource path="res://sfx/Bat/Bathurt2.ogg" type="AudioStream" id=7]
[ext_resource path="res://sfx/Bat/Batpatrol.ogg" type="AudioStream" id=8]
[ext_resource path="res://sfx/Bat/Batdeath.ogg" type="AudioStream" id=9]

[sub_resource type="GDScript" id=3]
script/source = "extends \"res://Object/Entity/Object.tscn::16\"

onready var origin_pos = position
#onready var player = get_parent().get_parent().get_node(\"Player\")

const CRYSTAL := preload(\"res://Object/Item/ItCrystal.tscn\")
const CARROT := preload(\"res://Object/Item/ItCarrot.tscn\")

export var life_max: float = 2
var life: float = life_max
var knockback: int = 0

var path = []
var threshold: int = 8
var nav = null
var chase: bool = false

var hitting: bool = false
var target
var dodging: bool = false

func _ready():
	$SpriteSheet.material = $SpriteSheet.material.duplicate()
	yield(owner, \"ready\")
	nav = owner.nav 

func _physics_process(delta):
#	if !hitting: 
	target = Global.player.position
	if dodging && $DodgingTimer.is_stopped(): $DodgingTimer.start()
	match current_state:
		Consts.IDLE:
			_idle_state()
		Consts.CHASE:
			_chase_state()
		Consts.HURT:
			_hurt_state()
		Consts.DEATH:
			_death_state()
	_handle_life()

func _idle_state():
	current_state = Consts.CHASE
	
func _death_state():
	if Animation.current_animation != \"death\":
		Animation.play(\"death\")
		var part = $Particles2D.process_material
		part.direction.x = sign(position.x-Global.player.position.x)
		_handle_drop(25,20)
	velocity = Vector2.ZERO

func _chase_state():
	#Animation.play(\"run\")
	if velocity==Vector2.ZERO:
		if !Animation.current_animation==\"idle\": Animation.play(\"idle\")
	else:
		if !Animation.current_animation==\"run\": Animation.play(\"run\")
	if $Hitbox/CollisionShape2D.scale < Vector2(1,1):
		$Hitbox/CollisionShape2D.scale += Vector2(.005,.005)
		
	if Global.reload_enemy:
		chase=false
		position = origin_pos
		path = []
	
	if Global.player:
		chase = position.distance_to(target) < 400
	
	$SpriteSheet.flip_h = velocity.x<0
	if path.size() > 0:
		move_to_target()
	if path.size() > 0:
		if position.distance_to(path[path.size() -1]) > 600 || position.distance_to(path[0]) < 30:
			if $Timer.time_left==0:
				$Timer.start()
		else:
			$Timer.stop()
	if knockback:
		current_state = Consts.HURT

func _hurt_state():
	Animation.play(\"hurt\")
	velocity = Vector2.ZERO

func move_to_target():
	if global_position.distance_to(path[0]) < threshold:
		path.remove(0)
	else:
		var direction = global_position.direction_to(path[0])
		if !hitting && !dodging:
			velocity = direction * run_speed if position.distance_to(target) < 100 else direction * (run_speed * 1.5)
		else:
			velocity = -direction * run_speed if position.distance_to(target) < 100 else -direction * (run_speed * 1.5)
		velocity = move_and_slide(velocity)

func get_target_path(target_pos):
	if chase:
		path = nav.get_simple_path(global_position, target_pos, false)

func _handle_life():
	if life<=0 && current_state==Consts.HURT:
		_handle_drop(25,20)
		current_state = Consts.DEATH #queue_free()
func _handle_drop(crystal_rate, carrot_rate):
	if randi()%100 <= crystal_rate:
		var crystal_inst = CRYSTAL.instance()
		get_parent().add_child(crystal_inst)
		crystal_inst.position = Vector2(position.x,position.y-5*pscale)
	if randi()%100 <= carrot_rate:
		var carrot_inst = CARROT.instance()
		carrot_inst.current_state = Consts.ACTIVE
		carrot_inst.scale = Vector2(.75,.75)
		carrot_inst.velocity.x = randi()%800-400
		get_parent().add_child(carrot_inst)
		carrot_inst.position = Vector2(position.x,position.y-5*pscale)

func _on_Timer_timeout():
	chase=false
	position = origin_pos
	velocity=Vector2.ZERO
	path = []

func _on_Hitbox_area_entered(area):
	$Hitbox/CollisionShape2D.scale = Vector2(.01,.01)
	var body = area.get_parent()
	if body==Global.player:
		if body.vunerable: 
			Global.player_life -= 1 #body.life -= 1 
			body.knockback = 300*sign(body.position.x - position.x) if sign(body.position.x - position.x) else 300
			body.vunerable = false
		hitting = true
		dodging = true

func _on_Hitbox_area_exited(area):
	var body = area.get_parent()
	if body==Global.player:
		hitting = false
		
func _on_Hurtbox_area_entered(area):
	var body = area.get_parent()
	if area.is_in_group(\"PlayerSword\"):
		life -= 1 if Global.whip_UNLOCKED else .25
		knockback = 900*sign(position.x - body.position.x) if sign(position.x - body.position.x) else 900
	if area.is_in_group(\"PlayerCarrot\"):
		life -= 1
		knockback = 900*sign(position.x - body.position.x) if sign(position.x - body.position.x) else 900

func _on_AnimationPlayer_animation_finished(anim_name):
	if current_state == Consts.HURT:
		current_state = Consts.IDLE
		knockback = 0
	if current_state == Consts.DEATH:
		queue_free()

func _on_DodgingTimer_timeout():
	dodging = false

func _on_EnBat_tree_exiting():
	pass
	#$AudioStreamPlayer2D.stream = load(\"res://sfx/Bat/Batdeath.ogg\")
	#$AudioStreamPlayer2D.play()
"

[sub_resource type="Shader" id=11]
code = "shader_type canvas_item;

render_mode blend_mix;
uniform vec4 modulate: hint_color;

void fragment() {
	COLOR = vec4(modulate.rgb, texture(TEXTURE, UV).a * modulate.a);
}
"

[sub_resource type="ShaderMaterial" id=12]
shader = SubResource( 11 )
shader_param/modulate = Color( 0, 0, 0, 1 )

[sub_resource type="Animation" id=7]
length = 0.001
tracks/0/type = "value"
tracks/0/path = NodePath("SpriteSheet:frame")
tracks/0/interp = 1
tracks/0/loop_wrap = true
tracks/0/imported = false
tracks/0/enabled = true
tracks/0/keys = {
"times": PoolRealArray( 0 ),
"transitions": PoolRealArray( 1 ),
"update": 0,
"values": [ 1 ]
}
tracks/1/type = "value"
tracks/1/path = NodePath("SpriteSheet:position")
tracks/1/interp = 1
tracks/1/loop_wrap = true
tracks/1/imported = false
tracks/1/enabled = true
tracks/1/keys = {
"times": PoolRealArray( 0 ),
"transitions": PoolRealArray( 1 ),
"update": 0,
"values": [ Vector2( 0, 0 ) ]
}
tracks/2/type = "value"
tracks/2/path = NodePath("SpriteSheet:scale")
tracks/2/interp = 1
tracks/2/loop_wrap = true
tracks/2/imported = false
tracks/2/enabled = true
tracks/2/keys = {
"times": PoolRealArray( 0 ),
"transitions": PoolRealArray( 1 ),
"update": 0,
"values": [ Vector2( 8, -8 ) ]
}
tracks/3/type = "value"
tracks/3/path = NodePath("SpriteSheet:material:shader_param/modulate")
tracks/3/interp = 1
tracks/3/loop_wrap = true
tracks/3/imported = false
tracks/3/enabled = true
tracks/3/keys = {
"times": PoolRealArray( 0 ),
"transitions": PoolRealArray( 1 ),
"update": 0,
"values": [ Color( 0, 0, 0, 1 ) ]
}
tracks/4/type = "value"
tracks/4/path = NodePath("SpriteSheet:material:shader")
tracks/4/interp = 1
tracks/4/loop_wrap = true
tracks/4/imported = false
tracks/4/enabled = true
tracks/4/keys = {
"times": PoolRealArray( 0 ),
"transitions": PoolRealArray( 1 ),
"update": 0,
"values": [ SubResource( 11 ) ]
}
tracks/5/type = "value"
tracks/5/path = NodePath("SpriteSheet:material")
tracks/5/interp = 1
tracks/5/loop_wrap = true
tracks/5/imported = false
tracks/5/enabled = true
tracks/5/keys = {
"times": PoolRealArray( 0 ),
"transitions": PoolRealArray( 1 ),
"update": 0,
"values": [ SubResource( 12 ) ]
}
tracks/6/type = "value"
tracks/6/path = NodePath("SpriteSheet:material:shader_param/amount")
tracks/6/interp = 1
tracks/6/loop_wrap = true
tracks/6/imported = false
tracks/6/enabled = true
tracks/6/keys = {
"times": PoolRealArray( 0 ),
"transitions": PoolRealArray( 1 ),
"update": 0,
"values": [ 0.0 ]
}
tracks/7/type = "value"
tracks/7/path = NodePath("SpriteSheet:visible")
tracks/7/interp = 1
tracks/7/loop_wrap = true
tracks/7/imported = false
tracks/7/enabled = true
tracks/7/keys = {
"times": PoolRealArray( 0 ),
"transitions": PoolRealArray( 1 ),
"update": 0,
"values": [ true ]
}
tracks/8/type = "value"
tracks/8/path = NodePath("Particles2D:visible")
tracks/8/interp = 1
tracks/8/loop_wrap = true
tracks/8/imported = false
tracks/8/enabled = true
tracks/8/keys = {
"times": PoolRealArray( 0 ),
"transitions": PoolRealArray( 1 ),
"update": 0,
"values": [ false ]
}
tracks/9/type = "value"
tracks/9/path = NodePath("CollisionShape2D:disabled")
tracks/9/interp = 1
tracks/9/loop_wrap = true
tracks/9/imported = false
tracks/9/enabled = true
tracks/9/keys = {
"times": PoolRealArray( 0 ),
"transitions": PoolRealArray( 1 ),
"update": 0,
"values": [ false ]
}
tracks/10/type = "value"
tracks/10/path = NodePath("Hitbox/CollisionShape2D:disabled")
tracks/10/interp = 1
tracks/10/loop_wrap = true
tracks/10/imported = false
tracks/10/enabled = true
tracks/10/keys = {
"times": PoolRealArray( 0 ),
"transitions": PoolRealArray( 1 ),
"update": 0,
"values": [ false ]
}
tracks/11/type = "value"
tracks/11/path = NodePath("Hurtbox/CollisionShape2D:disabled")
tracks/11/interp = 1
tracks/11/loop_wrap = true
tracks/11/imported = false
tracks/11/enabled = true
tracks/11/keys = {
"times": PoolRealArray( 0 ),
"transitions": PoolRealArray( 1 ),
"update": 0,
"values": [ false ]
}

[sub_resource type="Animation" id=18]
resource_name = "death"
length = 1.5
tracks/0/type = "value"
tracks/0/path = NodePath("SpriteSheet:visible")
tracks/0/interp = 1
tracks/0/loop_wrap = true
tracks/0/imported = false
tracks/0/enabled = true
tracks/0/keys = {
"times": PoolRealArray( 0 ),
"transitions": PoolRealArray( 1 ),
"update": 1,
"values": [ false ]
}
tracks/1/type = "audio"
tracks/1/path = NodePath("AudioStreamPlayer2D")
tracks/1/interp = 1
tracks/1/loop_wrap = true
tracks/1/imported = false
tracks/1/enabled = true
tracks/1/keys = {
"clips": [ {
"end_offset": 0.0,
"start_offset": 0.0,
"stream": ExtResource( 9 )
} ],
"times": PoolRealArray( 0 )
}
tracks/2/type = "value"
tracks/2/path = NodePath("Particles2D:visible")
tracks/2/interp = 1
tracks/2/loop_wrap = true
tracks/2/imported = false
tracks/2/enabled = true
tracks/2/keys = {
"times": PoolRealArray( 0 ),
"transitions": PoolRealArray( 1 ),
"update": 1,
"values": [ true ]
}
tracks/3/type = "value"
tracks/3/path = NodePath("CollisionShape2D:disabled")
tracks/3/interp = 1
tracks/3/loop_wrap = true
tracks/3/imported = false
tracks/3/enabled = true
tracks/3/keys = {
"times": PoolRealArray( 0 ),
"transitions": PoolRealArray( 1 ),
"update": 1,
"values": [ true ]
}
tracks/4/type = "value"
tracks/4/path = NodePath("Hitbox/CollisionShape2D:disabled")
tracks/4/interp = 1
tracks/4/loop_wrap = true
tracks/4/imported = false
tracks/4/enabled = true
tracks/4/keys = {
"times": PoolRealArray( 0 ),
"transitions": PoolRealArray( 1 ),
"update": 1,
"values": [ true ]
}
tracks/5/type = "value"
tracks/5/path = NodePath("Hurtbox/CollisionShape2D:disabled")
tracks/5/interp = 1
tracks/5/loop_wrap = true
tracks/5/imported = false
tracks/5/enabled = true
tracks/5/keys = {
"times": PoolRealArray( 0 ),
"transitions": PoolRealArray( 1 ),
"update": 1,
"values": [ true ]
}

[sub_resource type="AudioStreamRandomPitch" id=17]
audio_stream = ExtResource( 7 )

[sub_resource type="Animation" id=10]
resource_name = "hurt"
length = 0.25
step = 0.15
tracks/0/type = "value"
tracks/0/path = NodePath("SpriteSheet:frame")
tracks/0/interp = 1
tracks/0/loop_wrap = true
tracks/0/imported = false
tracks/0/enabled = true
tracks/0/keys = {
"times": PoolRealArray( 0 ),
"transitions": PoolRealArray( 1 ),
"update": 1,
"values": [ 2 ]
}
tracks/1/type = "value"
tracks/1/path = NodePath("SpriteSheet:scale")
tracks/1/interp = 1
tracks/1/loop_wrap = true
tracks/1/imported = false
tracks/1/enabled = true
tracks/1/keys = {
"times": PoolRealArray( 0 ),
"transitions": PoolRealArray( 1 ),
"update": 0,
"values": [ Vector2( 8, 8 ) ]
}
tracks/2/type = "value"
tracks/2/path = NodePath("SpriteSheet:position")
tracks/2/interp = 1
tracks/2/loop_wrap = true
tracks/2/imported = false
tracks/2/enabled = true
tracks/2/keys = {
"times": PoolRealArray( 0 ),
"transitions": PoolRealArray( 1 ),
"update": 0,
"values": [ Vector2( 0, -64 ) ]
}
tracks/3/type = "value"
tracks/3/path = NodePath("SpriteSheet:material:shader_param/modulate")
tracks/3/interp = 1
tracks/3/loop_wrap = true
tracks/3/imported = false
tracks/3/enabled = true
tracks/3/keys = {
"times": PoolRealArray( 0, 0.15 ),
"transitions": PoolRealArray( 1, 1 ),
"update": 2,
"values": [ Color( 1, 1, 1, 1 ), Color( 0, 0, 0, 1 ) ]
}
tracks/4/type = "value"
tracks/4/path = NodePath("SpriteSheet:material:shader")
tracks/4/interp = 1
tracks/4/loop_wrap = true
tracks/4/imported = false
tracks/4/enabled = true
tracks/4/keys = {
"times": PoolRealArray( 0 ),
"transitions": PoolRealArray( 1 ),
"update": 1,
"values": [ SubResource( 11 ) ]
}
tracks/5/type = "audio"
tracks/5/path = NodePath("AudioStreamPlayer2D")
tracks/5/interp = 1
tracks/5/loop_wrap = true
tracks/5/imported = false
tracks/5/enabled = true
tracks/5/keys = {
"clips": [ {
"end_offset": 0.0,
"start_offset": 0.0,
"stream": SubResource( 17 )
} ],
"times": PoolRealArray( 0 )
}

[sub_resource type="Shader" id=15]
code = "shader_type canvas_item;
render_mode blend_mix;

uniform float amount = 20.0;

void fragment() {
	vec2 uv = UV * 0.05;
	float a = fract(sin(dot(UV, vec2(12.9898, 78.233))) * 438.5453);
	vec4 col = texture(TEXTURE, UV);

	col.a *= pow(a, amount);

	COLOR = col;
}
"

[sub_resource type="Animation" id=16]
resource_name = "hurt (copy)"
length = 0.9
step = 0.15
tracks/0/type = "value"
tracks/0/path = NodePath("SpriteSheet:frame")
tracks/0/interp = 1
tracks/0/loop_wrap = true
tracks/0/imported = false
tracks/0/enabled = true
tracks/0/keys = {
"times": PoolRealArray( 0 ),
"transitions": PoolRealArray( 1 ),
"update": 1,
"values": [ 2 ]
}
tracks/1/type = "value"
tracks/1/path = NodePath("SpriteSheet:scale")
tracks/1/interp = 1
tracks/1/loop_wrap = true
tracks/1/imported = false
tracks/1/enabled = true
tracks/1/keys = {
"times": PoolRealArray( 0 ),
"transitions": PoolRealArray( 1 ),
"update": 0,
"values": [ Vector2( 8, 8 ) ]
}
tracks/2/type = "value"
tracks/2/path = NodePath("SpriteSheet:position")
tracks/2/interp = 1
tracks/2/loop_wrap = true
tracks/2/imported = false
tracks/2/enabled = true
tracks/2/keys = {
"times": PoolRealArray( 0 ),
"transitions": PoolRealArray( 1 ),
"update": 0,
"values": [ Vector2( 0, -64 ) ]
}
tracks/3/type = "value"
tracks/3/path = NodePath("SpriteSheet:material:shader")
tracks/3/interp = 1
tracks/3/loop_wrap = true
tracks/3/imported = false
tracks/3/enabled = true
tracks/3/keys = {
"times": PoolRealArray( 0, 1.05 ),
"transitions": PoolRealArray( 1, 1 ),
"update": 1,
"values": [ SubResource( 15 ), SubResource( 11 ) ]
}
tracks/4/type = "value"
tracks/4/path = NodePath("SpriteSheet:material:shader_param/amount")
tracks/4/interp = 1
tracks/4/loop_wrap = true
tracks/4/imported = false
tracks/4/enabled = true
tracks/4/keys = {
"times": PoolRealArray( 0, 0.45, 0.6, 0.75, 0.9 ),
"transitions": PoolRealArray( 1, 1, 1, 1, 1 ),
"update": 0,
"values": [ 0.0, 1.5, 2.5, 20.0, 2000.0 ]
}

[sub_resource type="Animation" id=8]
resource_name = "idle"
length = 4.0
loop = true
tracks/0/type = "value"
tracks/0/path = NodePath("SpriteSheet:frame")
tracks/0/interp = 1
tracks/0/loop_wrap = true
tracks/0/imported = false
tracks/0/enabled = true
tracks/0/keys = {
"times": PoolRealArray( 0 ),
"transitions": PoolRealArray( 1 ),
"update": 1,
"values": [ 1 ]
}
tracks/1/type = "value"
tracks/1/path = NodePath("SpriteSheet:position")
tracks/1/interp = 1
tracks/1/loop_wrap = true
tracks/1/imported = false
tracks/1/enabled = true
tracks/1/keys = {
"times": PoolRealArray( 0 ),
"transitions": PoolRealArray( 1 ),
"update": 0,
"values": [ Vector2( 0, 0 ) ]
}
tracks/2/type = "value"
tracks/2/path = NodePath("SpriteSheet:scale")
tracks/2/interp = 1
tracks/2/loop_wrap = true
tracks/2/imported = false
tracks/2/enabled = true
tracks/2/keys = {
"times": PoolRealArray( 0 ),
"transitions": PoolRealArray( 1 ),
"update": 0,
"values": [ Vector2( 8, -8 ) ]
}
tracks/3/type = "audio"
tracks/3/path = NodePath("AudioStreamPlayer2D")
tracks/3/interp = 1
tracks/3/loop_wrap = true
tracks/3/imported = false
tracks/3/enabled = true
tracks/3/keys = {
"clips": [ {
"end_offset": 0.0,
"start_offset": 0.0,
"stream": ExtResource( 5 )
}, {
"end_offset": 0.0,
"start_offset": 0.0,
"stream": ExtResource( 6 )
} ],
"times": PoolRealArray( 1.1, 3.7 )
}

[sub_resource type="Animation" id=9]
resource_name = "run"
length = 0.7
loop = true
tracks/0/type = "value"
tracks/0/path = NodePath("SpriteSheet:frame")
tracks/0/interp = 1
tracks/0/loop_wrap = true
tracks/0/imported = false
tracks/0/enabled = true
tracks/0/keys = {
"times": PoolRealArray( 0, 0.5 ),
"transitions": PoolRealArray( 1, 1 ),
"update": 1,
"values": [ 0, 1 ]
}
tracks/1/type = "value"
tracks/1/path = NodePath("SpriteSheet:scale")
tracks/1/interp = 1
tracks/1/loop_wrap = true
tracks/1/imported = false
tracks/1/enabled = true
tracks/1/keys = {
"times": PoolRealArray( 0 ),
"transitions": PoolRealArray( 1 ),
"update": 0,
"values": [ Vector2( 8, 8 ) ]
}
tracks/2/type = "value"
tracks/2/path = NodePath("SpriteSheet:position")
tracks/2/interp = 1
tracks/2/loop_wrap = true
tracks/2/imported = false
tracks/2/enabled = true
tracks/2/keys = {
"times": PoolRealArray( 0 ),
"transitions": PoolRealArray( 1 ),
"update": 0,
"values": [ Vector2( 0, -64 ) ]
}
tracks/3/type = "value"
tracks/3/path = NodePath("SpriteSheet:material:shader")
tracks/3/interp = 1
tracks/3/loop_wrap = true
tracks/3/imported = false
tracks/3/enabled = true
tracks/3/keys = {
"times": PoolRealArray( 0 ),
"transitions": PoolRealArray( 1 ),
"update": 1,
"values": [ SubResource( 11 ) ]
}
tracks/4/type = "audio"
tracks/4/path = NodePath("AudioStreamPlayer2D")
tracks/4/interp = 1
tracks/4/loop_wrap = true
tracks/4/imported = false
tracks/4/enabled = true
tracks/4/keys = {
"clips": [ {
"end_offset": 0.0,
"start_offset": 0.0,
"stream": ExtResource( 8 )
} ],
"times": PoolRealArray( 0 )
}

[sub_resource type="CapsuleShape2D" id=4]
radius = 16.0
height = 0.0

[sub_resource type="RectangleShape2D" id=5]
extents = Vector2( 24, 28 )

[sub_resource type="RectangleShape2D" id=6]
extents = Vector2( 24, 28 )

[sub_resource type="Curve" id=21]
_data = [ Vector2( 0, 1 ), 0.0, 0.0, 0, 0, Vector2( 1, 0 ), 0.0, 0.0, 0, 0 ]

[sub_resource type="CurveTexture" id=20]
curve = SubResource( 21 )

[sub_resource type="ParticlesMaterial" id=22]
emission_shape = 2
emission_box_extents = Vector3( 42, 32, 1 )
flag_disable_z = true
direction = Vector3( 1, -1, 0 )
spread = 0.0
gravity = Vector3( 0, 300, 0 )
initial_velocity = 200.0
initial_velocity_random = 0.75
orbit_velocity = 0.0
orbit_velocity_random = 0.0
scale = 8.0
scale_curve = SubResource( 20 )
color = Color( 0, 0, 0, 0.403922 )

[node name="EnBat" groups=["Enemy"] instance=ExtResource( 1 )]
collision_layer = 128
collision_mask = 128
script = SubResource( 3 )
has_gravity = false
run_speed = 250

[node name="SpriteSheet" parent="." index="0"]
material = SubResource( 12 )
scale = Vector2( 8, -8 )
texture = ExtResource( 2 )
hframes = 3
vframes = 1
frame = 1

[node name="AnimationPlayer" parent="." index="1"]
autoplay = "idle"
anims/RESET = SubResource( 7 )
anims/death = SubResource( 18 )
anims/hurt = SubResource( 10 )
"anims/hurt (copy)" = SubResource( 16 )
anims/idle = SubResource( 8 )
anims/run = SubResource( 9 )

[node name="CollisionShape2D" parent="." index="2"]
visible = false
position = Vector2( 0, -24 )
shape = SubResource( 4 )

[node name="AudioStreamPlayer2D" type="AudioStreamPlayer2D" parent="." index="4"]
stream = ExtResource( 9 )
max_distance = 1100.0
bus = "SfxLower"

[node name="Timer" type="Timer" parent="." index="5"]
wait_time = 4.0

[node name="Hitbox" parent="." index="6" groups=["Enemy"] instance=ExtResource( 3 )]
visible = false

[node name="CollisionShape2D" parent="Hitbox" index="0"]
position = Vector2( 0, -28 )
shape = SubResource( 5 )

[node name="Hurtbox" parent="." index="7" groups=["Enemy"] instance=ExtResource( 4 )]
visible = false
collision_layer = 32
monitorable = true

[node name="CollisionShape2D" parent="Hurtbox" index="0"]
position = Vector2( 0, -28 )
shape = SubResource( 6 )

[node name="DodgingTimer" type="Timer" parent="." index="9"]
wait_time = 0.4
one_shot = true

[node name="Particles2D" type="Particles2D" parent="." index="10"]
visible = false
position = Vector2( 0, -34 )
emitting = false
amount = 64
lifetime = 0.7
one_shot = true
explosiveness = 1.0
process_material = SubResource( 22 )

[connection signal="tree_exiting" from="." to="." method="_on_EnBat_tree_exiting"]
[connection signal="animation_finished" from="AnimationPlayer" to="." method="_on_AnimationPlayer_animation_finished"]
[connection signal="timeout" from="Timer" to="." method="_on_Timer_timeout"]
[connection signal="area_entered" from="Hitbox" to="." method="_on_Hitbox_area_entered"]
[connection signal="area_exited" from="Hitbox" to="." method="_on_Hitbox_area_exited"]
[connection signal="area_entered" from="Hurtbox" to="." method="_on_Hurtbox_area_entered"]
[connection signal="timeout" from="DodgingTimer" to="." method="_on_DodgingTimer_timeout"]

[editable path="Hitbox"]
[editable path="Hurtbox"]
